<?xml version="1.0" encoding="UTF-8"?>
<record xmlns="http://www.loc.gov/MARC21/slim">
   <leader>01454cam a2200349 a 4500</leader>
   <controlfield tag="001">192453</controlfield>
   <controlfield tag="003">NjP</controlfield>
   <controlfield tag="005">20190705135732.0</controlfield>
   <controlfield tag="008">831123m19539999ua           f000 0 ara d</controlfield>
   <datafield tag="024" ind1="7" ind2=" ">
      <subfield code="a">princeton_aco003765</subfield>
      <subfield code="2">local</subfield>
   </datafield>
   <datafield ind1=" " ind2=" " tag="040">
      <subfield code="a">NjP</subfield>
      <subfield code="c">PUL</subfield>
      <subfield code="d">PUL</subfield>
   </datafield>
   <datafield ind1=" " ind2=" " tag="066">
      <subfield code="c">(3</subfield>
   </datafield>
   <datafield ind1=" " ind2=" " tag="035">
      <subfield code="a">(CStRLIN)NJPG83-B79165</subfield>
   </datafield>
   <datafield ind1=" " ind2=" " tag="035">
      <subfield code="9">ABA7370TS</subfield>
   </datafield>
   <datafield ind1=" " ind2=" " tag="035">
      <subfield code="a">(NjP)192453</subfield>
   </datafield>
   <datafield ind1=" " ind2=" " tag="043">
      <subfield code="a">f-ua---</subfield>
   </datafield>
   <datafield ind1=" " ind2=" " tag="049">
      <subfield code="a">PULL</subfield>
   </datafield>
   <datafield ind1=" " ind2=" " tag="035">
      <subfield code="a">(OCoLC)ocm78788829</subfield>
   </datafield>
   <datafield ind1="1" ind2="3" tag="245">
      <subfield code="6">880-01</subfield>
      <subfield code="a">al-Taʻdād al-ʻāmm lil-sukkān li-sanat 1947 /</subfield>
      <subfield code="c">Maṣlaḥat al-Iḥṣāʼ wa-al-Taʻdād.</subfield>
   </datafield>
   <datafield ind1=" " ind2=" " tag="260">
      <subfield code="6">880-02</subfield>
      <subfield code="a">al-Qāhirah :</subfield>
      <subfield code="b">Jumhūrīyat Miṣr, Wizārat al-Mālīyah wa-al-Iqtiṣād,</subfield>
      <subfield code="c">1953.</subfield>
   </datafield>
   <datafield ind1=" " ind2=" " tag="300">
      <subfield code="a">v. ;</subfield>
      <subfield code="c">33 cm.</subfield>
   </datafield>
   <datafield ind1="1" ind2=" " tag="505">
      <subfield code="6">880-03</subfield>
      <subfield code="a">Juzʼ. 2. Jadāwil ʻāmmah.</subfield>
   </datafield>
   <datafield ind1=" " ind2="0" tag="651">
      <subfield code="a">Egypt</subfield>
      <subfield code="x">Census, 1947</subfield>
   </datafield>
   <datafield ind1="1" ind2=" " tag="710">
      <subfield code="6">880-04</subfield>
      <subfield code="a">Egypt.</subfield>
      <subfield code="b">Maṣlaḥat al-Iḥṣāʼ wa-al-Taʻdād.</subfield>
      <subfield code="0">http://id.loc.gov/authorities/names/n83165089</subfield>
   </datafield>
   <datafield ind1="1" ind2="2" tag="880">
      <subfield code="6">245-01/(3/r</subfield>
      <subfield code="a">التعداد العام للسكان لسنة 1947 /</subfield>
      <subfield code="c">مصلحة الاحصاء والتعداد.</subfield>
   </datafield>
   <datafield ind1=" " ind2=" " tag="880">
      <subfield code="6">260-02/(3/r</subfield>
      <subfield code="a">القاهرة :</subfield>
      <subfield code="b">جمهورية مصر، وزارة المالية والاقتصاد،</subfield>
      <subfield code="c">1953.</subfield>
   </datafield>
   <datafield ind1="1" ind2=" " tag="880">
      <subfield code="6">505-03/(3/r</subfield>
      <subfield code="a">جزء. 2. جداول عامة.</subfield>
   </datafield>
   <datafield ind1="1" ind2=" " tag="880">
      <subfield code="6">710-04/(3/r</subfield>
      <subfield code="a">مصر.</subfield>
      <subfield code="b">مصلحة الاحصاء والتعداد.</subfield>
   </datafield>
   <datafield ind1=" " ind2=" " tag="998">
      <subfield code="a">11/23/83</subfield>
      <subfield code="s">9114</subfield>
      <subfield code="n">NjP</subfield>
      <subfield code="w">NJPG83B79165</subfield>
      <subfield code="d">11/23/83</subfield>
      <subfield code="c">SSH</subfield>
      <subfield code="b">SJT</subfield>
      <subfield code="i">831123</subfield>
      <subfield code="l">NJPG</subfield>
   </datafield>
   <datafield ind1=" " ind2=" " tag="911">
      <subfield code="a">19921028</subfield>
   </datafield>
   <datafield ind1=" " ind2=" " tag="912">
      <subfield code="a">19900821000000.0</subfield>
   </datafield>
   <datafield ind1=" " ind2=" " tag="994">
      <subfield code="a">C0</subfield>
      <subfield code="b">PUL</subfield>
   </datafield>
   <datafield ind1=" " ind2=" " tag="999">
      <subfield code="a">192453</subfield>
   </datafield>
   <datafield ind1=" " ind2=" " tag="979">
      <subfield code="a">(OCoLC)ocn175407172</subfield>
   </datafield>
   <datafield ind1="0" ind2="1" tag="852">
      <subfield code="0">211704</subfield>
      <subfield code="b">rcppa</subfield>
      <subfield code="t">1</subfield>
      <subfield code="c">Oversize</subfield>
      <subfield code="h">HA4686.A5</subfield>
      <subfield code="i">M3 1953q</subfield>
      <subfield code="x">tr fr spr</subfield>
   </datafield>
   <datafield ind1=" " ind2="0" tag="866">
      <subfield code="0">211704</subfield>
      <subfield code="a">juzʾ 2</subfield>
   </datafield>
   <datafield ind1=" " ind2="0" tag="866">
      <subfield code="0">211704</subfield>
      <subfield code="x">Add as: juzʾ RLIN ID to Serials</subfield>
   </datafield>
   <datafield ind1=" " ind2=" " tag="959">
      <subfield code="a">2003-07-03 16:13:24 -0400</subfield>
   </datafield>
</record>
